@misc{bedrossian2019,
    title={The Batchelor spectrum of passive scalar turbulence in stochastic fluid mechanics},
    author={Bedrossian, Jacob and Blumenthal, Alex and  Punshon-Smith, Sam},
    year={2019}
}
